@article{hatem2019,
    author = {J. A. Hatem and A. R. Dhaini and S. Elbassuoni},
    title = {Deep Learning-Based Dynamic Bandwidth Allocation for Future Optical Access Networks},
    journal = {IEEE Access},
    volume = {7},
    pages = {97307-97318},
    year = {2019},
    doi = {10.1109/ACCESS.2019.2929480}
}

@article{Wang2020,
  author={Wang, Can and Zhang, Sheng and Chen, Yu and Qian, Zhuzhong and Wu, Jie and Xiao, Mingjun},
  booktitle={IEEE INFOCOM 2020 - IEEE Conference on Computer Communications}, 
  title={Joint Configuration Adaptation and Bandwidth Allocation for Edge-based Real-time Video Analytics}, 
  year={2020},
  volume={},
  number={},
  pages={257-266},
  doi={10.1109/INFOCOM41043.2020.9155524}}


@misc{navabhaarathi2023network,
  title={Network traffic analysis},
  author={Navabhaarathi, N.},
  year={2023},
  howpublished={\url{https://www.kaggle.com/datasets/navabhaarathi20003/wireshark2/}},
  note={[Online]. Available}
}